@article{preambleExample,
	author = {Author1, Firstname1 and Author2, Firstname2},
	title = {Example of Preabmle Source: Title},
	journal = {Ergonomics},
	volume = {49},
	number = {15},
	pages = {1597-1610},
	year = {2006},
	doi = {10.1080/00140130600899104},
	note ={PMID: 17090506},
	URL = {http://dx.doi.org/10.1080/00140130600899104},
	eprint = {http://dx.doi.org/10.1080/00140130600899104}
}

@book{bookTemplate,
	title = {},
	publisher = {},
	year = {},
	author = {},
	isbn = {},
	edition = {}
}

@article{articleTemplate,
  author = {},
  title = {},
  journal = {},
  year = {},
  volume = {},
  pages = {},
  number = {},
  month = {},
  publisher = {}
}

@misc{miscTemplate,
  title={},
  author={},
  year={},
  howpublished = "\url{}",
  note = "[Online; Accessed yyyy-mm-dd]"
}

@article{Adolph-2011-GroundedTheory,
	author = {Adolph, Steve and Hall, Wendy and Kruchten, Philippe},
	title = {Using Grounded Theory to Study the Experience of Software Development},
	journal = {Empirical Softw. Engg.},
	issue_date = {August    2011},
	volume = {16},
	number = {4},
	month = aug,
	year = {2011},
	issn = {1382-3256},
	pages = {487--513},
	numpages = {27},
	url = {http://dx.doi.org/10.1007/s10664-010-9152-6},
	doi = {10.1007/s10664-010-9152-6},
	acmid = {2004225},
	publisher = {Kluwer Academic Publishers},
	address = {Hingham, MA, USA},
	keywords = {Empirical software engineering research, Grounded theory, Qualitative research, Theory generation},
} 


@book{Glaser-1967-GroundedTheory,
	title = {The Discovery of Grounded Theory - Strategies for Qualitative Research},
	publisher = {Aldine Transaction},
	year = {1967},
	author = {Glaser, Barney G. and Strauss, Anselm L.},
	isbn = {0-202-30260-1},
	edition = {}
}

@book{Glaser-1978-GroundedTheory,
	title = {Theoretical Sensitivity: Advances in the Methodology of Grounded Theory},
	publisher = {Sociology Press},
	year = {1978},
	author = {Glaser, Barney G.},
	isbn = {978-1884156014},
	edition = {}
}

































































@book{poppendieck2003,
	author = {Poppendieck, Mary and Poppendieck, Tom},
	title = {Lean Software Development: An Agile Toolkit},
	year = {2003},
	isbn = {0321150783},
	publisher = {Addison-Wesley Longman Publishing Co., Inc.},
	address = {Boston, MA, USA},
} 

@article{Takeuchi1986,
	author = {Takeuchi, Hirotaka},
	title = {The new new product development game.},
	language = {English},
	year = {1986},
	issn = {0017-8012},
	volume = {64},
	pages = {137-146},
}

@misc{Schwaber,
	author = {Schwaber, Ken and Sutherland, Jeff},
	keywords = {agile},
	posted-at = {2013-10-17 09:40:54},
	title = {The {Scrum} Guide},
	year = {2001}
    howpublished = {\url{http://www.scrumguides.org/docs/scrumguide/v1/Scrum-Guide-US.pdf}},
}


@misc{VersionOne,
	author = {VersionOne},
	title = {9th Annual State of Agileâ„¢ Survey},
	year = {2014},
	howpublished = {\url{https://www.versionone.com/pdf/state-of-agile-development-survey-ninth.pdf}},
	note = {[Online; Accessed 2015-09-28]},	
}
